<record><leader>00000cas a2200000 a 4500</leader><controlfield tag="001">11152834</controlfield><controlfield tag="008">840914d18731906iauwr ne      0    0eng c</controlfield><datafield ind1=" " ind2=" " tag="010"><subfield code="a">sn 84038060 </subfield></datafield><datafield ind1=" " ind2=" " tag="040"><subfield code="a">NPX</subfield><subfield code="b">eng</subfield><subfield code="c">NPX</subfield><subfield code="d">INP</subfield><subfield code="d">CNK</subfield><subfield code="d">CVF</subfield><subfield code="d">OCLCQ</subfield><subfield code="d">OCLCF</subfield><subfield code="d">OCLCO</subfield></datafield><datafield ind1=" " ind2=" " tag="042"><subfield code="a">pcc</subfield></datafield><datafield ind1=" " ind2=" " tag="043"><subfield code="a">n-us-ia</subfield></datafield><datafield ind1="0" ind2="0" tag="245"><subfield code="a">Boone County Republican.</subfield></datafield><datafield ind1=" " ind2=" " tag="260"><subfield code="a">Boonesboro, Iowa :</subfield><subfield code="b">Means &amp; Downing,</subfield><subfield code="c">1873-1906.</subfield></datafield><datafield ind1=" " ind2=" " tag="300"><subfield code="a">v. :</subfield><subfield code="b">ill. ;</subfield><subfield code="c">62-75 cm.</subfield></datafield><datafield ind1=" " ind2=" " tag="310"><subfield code="a">Weekly</subfield></datafield><datafield ind1="0" ind2=" " tag="362"><subfield code="a">Vol. 8, no. 13 (Mar. 20, 1873)-v. 43, no. 22 (May 31, 1906); June 7-Sept. 27, 1906.</subfield></datafield><datafield ind1=" " ind2=" " tag="515"><subfield code="a">May 17, 1906, issue misdated Mar. 17, 1906.</subfield></datafield><datafield ind1=" " ind2=" " tag="515"><subfield code="a">Apr. 26 and May 3, 1906, issues both called v. 43, no. 18.</subfield></datafield><datafield ind1=" " ind2=" " tag="515"><subfield code="a">Numbered within the year, June 7-Sept. 27, 1906.</subfield></datafield><datafield ind1=" " ind2="0" tag="651"><subfield code="a">Boone (Iowa)</subfield><subfield code="v">Newspapers.</subfield></datafield><datafield ind1=" " ind2="7" tag="655"><subfield code="a">Newspapers.</subfield><subfield code="2">fast</subfield><subfield code="0">(OCoLC)fst01423814</subfield></datafield><datafield ind1=" " ind2="7" tag="651"><subfield code="a">Iowa</subfield><subfield code="z">Boone.</subfield><subfield code="2">fast</subfield><subfield code="0">(OCoLC)fst01218579</subfield></datafield><datafield ind1=" " ind2=" " tag="752"><subfield code="a">United States</subfield><subfield code="b">Iowa</subfield><subfield code="c">Boone</subfield><subfield code="d">Boone.</subfield></datafield><datafield ind1="0" ind2=" " tag="775"><subfield code="t">Boone daily Republican</subfield><subfield code="w">(DLC)sn 86060105</subfield><subfield code="g">Apr. 16-Nov. 11, 1896</subfield></datafield><datafield ind1="0" ind2=" " tag="775"><subfield code="t">Evening Republican (Boone, Iowa)</subfield><subfield code="w">(DLC)sn 85049566</subfield><subfield code="g">&lt;July 27, 1903&gt;-1906</subfield></datafield><datafield ind1="0" ind2="0" tag="780"><subfield code="t">Boone County advocate (Boonesboro, Iowa)</subfield><subfield code="w">(DLC)sn 84027055</subfield></datafield><datafield ind1="0" ind2="7" tag="785"><subfield code="t">Boone weekly news</subfield><subfield code="w">(DLC)sn 85050910</subfield></datafield><datafield ind1="0" ind2="7" tag="785"><subfield code="t">Boone news-Republican (Boone, Iowa : 1906 : Weekly)</subfield><subfield code="w">(DLC)sn 85050941</subfield></datafield></record>